@book{1971,
  doi = {10.1007/978-94-010-3137-0},
  url = {https://doi.org/10.1007/978-94-010-3137-0},
  year  = {1971},
  publisher = {Springer Netherlands},
  editor = {B.M. McCormac},
  title = {Introduction to the Scientific Study of Atmospheric Pollution}
}
@article{Shakya2016,
  doi = {10.1038/jes.2016.42},
  url = {https://doi.org/10.1038/jes.2016.42},
  year  = {2016},
  month = {aug},
  publisher = {Springer Nature},
  volume = {27},
  number = {3},
  pages = {352--357},
  author = {Kabindra M Shakya and Alyssa Noyes and Randa Kallin and Richard E Peltier},
  title = {Evaluating the efficacy of cloth facemasks in reducing particulate matter exposure},
  journal = {Journal of Exposure Science {\&} Environmental Epidemiology}
}
@book{2009,
  doi = {10.17226/12743},
  url = {https://doi.org/10.17226/12743},
  year  = {2009},
  month = {jan},
  publisher = {National Academies Press},
  title = {Global Sources of Local Pollution}
}
@article{Amadeo2015,
  doi = {10.1186/s12889-015-1382-5},
  url = {https://doi.org/10.1186/s12889-015-1382-5},
  year  = {2015},
  month = {jan},
  publisher = {Springer Nature},
  volume = {15},
  number = {1},
  author = {Brice Amadeo and C{\'{e}}line Robert and Virginie Rondeau and Marie-Alice Mounouchy and Lucie Cordeau and Xavier Birembaux and Eddy Citadelle and Jacques Gotin and Monique Gouranton and G{\'{e}}rard Marcin and David Laurac and Chantal Raherison},
  title = {Impact of close-proximity air pollution on lung function in schoolchildren in the French West Indies},
  journal = {{BMC} Public Health}
}
@article{Neupane2010,
  doi = {10.1164/rccm.200901-0160oc},
  url = {https://doi.org/10.1164/rccm.200901-0160oc},
  year  = {2010},
  month = {jan},
  publisher = {American Thoracic Society},
  volume = {181},
  number = {1},
  pages = {47--53},
  author = {Binod Neupane and Michael Jerrett and Richard T. Burnett and Thomas Marrie and Altaf Arain and Mark Loeb},
  title = {Long-Term Exposure to Ambient Air Pollution and Risk of Hospitalization with Community-acquired Pneumonia in Older Adults},
  journal = {American Journal of Respiratory and Critical Care Medicine}
}
@article{MedinaRamn2006,
  doi = {10.1093/aje/kwj078},
  url = {https://doi.org/10.1093/aje/kwj078},
  year  = {2006},
  month = {jan},
  publisher = {Oxford University Press ({OUP})},
  volume = {163},
  number = {6},
  pages = {579--588},
  author = {Mercedes Medina-Ram{\'{o}}n and Antonella Zanobetti and Joel Schwartz},
  title = {The Effect of Ozone and {PM}10 on Hospital Admissions for Pneumonia and Chronic Obstructive Pulmonary Disease: A National Multicity Study},
  journal = {American Journal of Epidemiology}
}
@article{doi:10.1093/bmb/ldg022,
author = {Chauhan, Anoop J and Johnston, Sebastian L},
title = {Air pollution and infection in respiratory illness},
journal = {British Medical Bulletin},
volume = {68},
number = {1},
pages = {95-112},
year = {2003},
doi = {10.1093/bmb/ldg022},
URL = {http://dx.doi.org/10.1093/bmb/ldg022},
eprint = {/oup/backfile/content_public/journal/bmb/68/1/10.1093_bmb_ldg022/1/ldg022.pdf}
}
@article{Castell2017,
  doi = {10.1016/j.envint.2016.12.007},
  url = {https://doi.org/10.1016/j.envint.2016.12.007},
  year  = {2017},
  month = {feb},
  publisher = {Elsevier {BV}},
  volume = {99},
  pages = {293--302},
  author = {Nuria Castell and Franck R. Dauge and Philipp Schneider and Matthias Vogt and Uri Lerner and Barak Fishbain and David Broday and Alena Bartonova},
  title = {Can commercial low-cost sensor platforms contribute to air quality monitoring and exposure estimates?},
  journal = {Environment International}
}
@article{Hochreiter:1997:LSM:1246443.1246450,
 author = {Hochreiter, Sepp and Schmidhuber, J\"{u}rgen},
 title = {Long Short-Term Memory},
 journal = {Neural Comput.},
 issue_date = {November 15, 1997},
 volume = {9},
 number = {8},
 month = nov,
 year = {1997},
 issn = {0899-7667},
 pages = {1735--1780},
 numpages = {46},
 url = {http://dx.doi.org/10.1162/neco.1997.9.8.1735},
 doi = {10.1162/neco.1997.9.8.1735},
 acmid = {1246450},
 publisher = {MIT Press},
 address = {Cambridge, MA, USA},
} 
@article{DBLP:journals/corr/LiptonKEW15,
  author    = {Zachary Chase Lipton and
               David C. Kale and
               Charles Elkan and
               Randall C. Wetzel},
  title     = {Learning to Diagnose with {LSTM} Recurrent Neural Networks},
  journal   = {CoRR},
  volume    = {abs/1511.03677},
  year      = {2015},
  url       = {http://arxiv.org/abs/1511.03677},
  archivePrefix = {arXiv},
  eprint    = {1511.03677},
  timestamp = {Wed, 07 Jun 2017 14:40:10 +0200},
  biburl    = {https://dblp.org/rec/bib/journals/corr/LiptonKEW15},
  bibsource = {dblp computer science bibliography, https://dblp.org}
}
@misc{britz_2016, title={Recurrent Neural Network Tutorial, Part 4 â€“ Implementing a GRU/LSTM RNN with Python and Theano}, url={http://www.wildml.com/2015/10/recurrent-neural-network-tutorial-part-4-implementing-a-grulstm-rnn-with-python-and-theano/}, journal={WildML}, author={Britz, Denny}, year={2016}, month={Jan}}
@article{DBLP:journals/corr/ChePCSL16,
  author    = {Zhengping Che and
               Sanjay Purushotham and
               Kyunghyun Cho and
               David Sontag and
               Yan Liu},
  title     = {Recurrent Neural Networks for Multivariate Time Series with Missing
               Values},
  journal   = {CoRR},
  volume    = {abs/1606.01865},
  year      = {2016},
  url       = {http://arxiv.org/abs/1606.01865},
  archivePrefix = {arXiv},
  eprint    = {1606.01865},
  timestamp = {Wed, 07 Jun 2017 14:41:39 +0200},
  biburl    = {https://dblp.org/rec/bib/journals/corr/ChePCSL16},
  bibsource = {dblp computer science bibliography, https://dblp.org}
}
@article{Kruppa2012,
  doi = {10.1007/s00439-012-1194-y},
  url = {https://doi.org/10.1007/s00439-012-1194-y},
  year  = {2012},
  month = {jul},
  publisher = {Springer Nature},
  volume = {131},
  number = {10},
  pages = {1639--1654},
  author = {Jochen Kruppa and Andreas Ziegler and Inke R. K\"{o}nig},
  title = {Risk estimation and risk prediction using machine-learning methods},
  journal = {Human Genetics}
}
@article{Weng2017,
  doi = {10.1371/journal.pone.0174944},
  url = {https://doi.org/10.1371/journal.pone.0174944},
  year  = {2017},
  month = {apr},
  publisher = {Public Library of Science ({PLoS})},
  volume = {12},
  number = {4},
  pages = {e0174944},
  author = {Stephen F. Weng and Jenna Reps and Joe Kai and Jonathan M. Garibaldi and Nadeem Qureshi},
  editor = {Bin Liu},
  title = {Can machine-learning improve cardiovascular risk prediction using routine clinical data?},
  journal = {{PLOS} {ONE}}
}
@article{Gurm2014,
  doi = {10.1371/journal.pone.0096385},
  url = {https://doi.org/10.1371/journal.pone.0096385},
  year  = {2014},
  month = {may},
  publisher = {Public Library of Science ({PLoS})},
  volume = {9},
  number = {5},
  pages = {e96385},
  author = {Hitinder S. Gurm and Judith Kooiman and Thomas LaLonde and Cindy Grines and David Share and Milan Seth},
  editor = {Yiru Guo},
  title = {A Random Forest Based Risk Model for Reliable and Accurate Prediction of Receipt of Transfusion in Patients Undergoing Percutaneous Coronary Intervention},
  journal = {{PLoS} {ONE}}
}
@inproceedings{Ghatasheh2014BusinessAU,
  title={Business Analytics using Random Forest Trees for Credit Risk Prediction : A Comparison Study},
  author={Nazeeh Ghatasheh},
  year={2014}
}
@article{Zhao2017,
  doi = {10.21037/jtd.2017.09.47},
  url = {https://doi.org/10.21037/jtd.2017.09.47},
  year  = {2017},
  month = {nov},
  publisher = {{AME} Publishing Company},
  volume = {9},
  number = {11},
  pages = {4750--4757},
  author = {Yanfeng Zhao and Xiaoyi Wang and Yong Wang and Zheng Zhu},
  title = {Logistic regression analysis and a risk prediction model of pneumothorax after {CT}-guided needle biopsy},
  journal = {Journal of Thoracic Disease}
}
@article{Atkinson2012,
  doi = {10.1002/jbmr.1577},
  url = {https://doi.org/10.1002/jbmr.1577},
  year  = {2012},
  month = {may},
  publisher = {Wiley},
  volume = {27},
  number = {6},
  pages = {1397--1404},
  author = {Elizabeth J Atkinson and Terry M Therneau and L Joseph Melton and Jon J Camp and Sara J Achenbach and Shreyasee Amin and Sundeep Khosla},
  title = {Assessing fracture risk using gradient boosting machine ({GBM}) models},
  journal = {Journal of Bone and Mineral Research}
}
@article{DBLP:journals/corr/EstebanSYT16,
  author    = {Crist{\'{o}}bal Esteban and
               Oliver Staeck and
               Yinchong Yang and
               Volker Tresp},
  title     = {Predicting Clinical Events by Combining Static and Dynamic Information
               Using Recurrent Neural Networks},
  journal   = {CoRR},
  volume    = {abs/1602.02685},
  year      = {2016},
  url       = {http://arxiv.org/abs/1602.02685},
  archivePrefix = {arXiv},
  eprint    = {1602.02685},
  timestamp = {Wed, 07 Jun 2017 14:42:40 +0200},
  biburl    = {https://dblp.org/rec/bib/journals/corr/EstebanSYT16},
  bibsource = {dblp computer science bibliography, https://dblp.org}
}
@article{Ledbetter2016,
  doi = {10.1097/01.ccm.0000509170.92653.bd},
  url = {https://doi.org/10.1097/01.ccm.0000509170.92653.bd},
  year  = {2016},
  month = {dec},
  publisher = {Ovid Technologies (Wolters Kluwer Health)},
  volume = {44},
  pages = {199},
  author = {David Ledbetter and Melissa Aczon and Long Ho and Alec Gunny and Randall Wetzel},
  title = {492},
  journal = {Critical Care Medicine}
}

@article{Mansourian2011,
  doi = {10.4314/gmj.v44i4.68906},
  url = {https://doi.org/10.4314/gmj.v44i4.68906},
  year  = {2011},
  month = {aug},
  publisher = {African Journals Online ({AJOL})},
  volume = {44},
  number = {4},
  author = {M Mansourian and SH Javanmard and P Poursafa and R Kelishadi},
  title = {Air pollution and hospitalization for respiratory diseases among children in Isfahan,  Iran},
  journal = {Ghana Medical Journal}
}